Trd, 000002.563, 72
Trd, 000003.588, 96
Trd, 000008.800, 122
Trd, 000009.025, 119
Trd, 000009.862, 108
Trd, 000010.825, 108
Trd, 000011.112, 99
Trd, 000012.537, 116
Trd, 000016.537, 103
Trd, 000017.237, 99
Trd, 000017.825, 99
Trd, 000018.100, 91.0
Trd, 000019.787, 96
Trd, 000020.925, 97
Trd, 000021.300, 95
Trd, 000022.500, 85
Trd, 000023.050, 101
Trd, 000026.587, 90
Trd, 000029.187, 96.0
Trd, 000030.725, 100.0
Trd, 000031.350, 103.0
Trd, 000031.550, 90.0
Trd, 000040.838, 110
Trd, 000040.925, 109
Trd, 000041.925, 108
Trd, 000042.388, 119.0
Trd, 000042.763, 108
Trd, 000043.150, 108
Trd, 000045.213, 117
Trd, 000046.225, 109
Trd, 000048.863, 109
Trd, 000049.213, 108
Trd, 000049.225, 108
Trd, 000050.513, 103
Trd, 000051.675, 91.0
Trd, 000053.063, 92
Trd, 000054.775, 99
Trd, 000058.863, 91
Trd, 000059.288, 91
Trd, 000060.525, 97
Trd, 000060.600, 85.0
Trd, 000062.613, 99
Trd, 000068.213, 98
Trd, 000070.225, 98
Trd, 000070.250, 97
Trd, 000074.725, 92
Trd, 000075.850, 89
Trd, 000076.775, 83.0
Trd, 000077.238, 91
Trd, 000078.988, 93.0
Trd, 000080.013, 96.0
Trd, 000083.138, 96
Trd, 000085.175, 96
Trd, 000085.338, 98
Trd, 000085.713, 101
Trd, 000086.288, 102
Trd, 000087.013, 103.0
Trd, 000088.725, 108.0
Trd, 000089.863, 100
Trd, 000090.150, 99
Trd, 000092.088, 103
Trd, 000092.413, 99
Trd, 000095.050, 99
Trd, 000095.400, 98
Trd, 000095.763, 98
Trd, 000096.550, 99
Trd, 000098.288, 97
Trd, 000100.425, 97
Trd, 000102.050, 93
Trd, 000103.838, 93
Trd, 000105.525, 91.0
Trd, 000105.625, 93
Trd, 000107.688, 91
Trd, 000109.825, 93
Trd, 000111.125, 93
Trd, 000112.225, 96.0
Trd, 000115.788, 101
Trd, 000116.413, 101
Trd, 000116.838, 103.0
Trd, 000119.675, 106
Trd, 000120.163, 106
Trd, 000121.788, 107.0
Trd, 000122.588, 107
Trd, 000123.275, 105
Trd, 000123.425, 105
Trd, 000123.588, 104
Trd, 000124.325, 108.0
Trd, 000126.425, 107
Trd, 000126.763, 105
Trd, 000128.138, 97
Trd, 000129.300, 110
Trd, 000132.288, 108
Trd, 000134.250, 110
Trd, 000134.463, 110
Trd, 000134.488, 107
Trd, 000139.425, 106
Trd, 000139.550, 107
Trd, 000143.600, 103.0
Trd, 000144.638, 92
Trd, 000144.825, 104
Trd, 000147.275, 98
Trd, 000150.787, 102
Trd, 000151.287, 103
Trd, 000151.625, 94
Trd, 000152.712, 103
Trd, 000156.625, 109
Trd, 000158.350, 108
Trd, 000159.725, 104
Trd, 000159.912, 92.0
Trd, 000162.600, 91.0
Trd, 000162.925, 98
Trd, 000162.937, 99
Trd, 000164.275, 99
Trd, 000166.450, 96.0
Trd, 000170.562, 96
Trd, 000170.775, 98
Trd, 000170.887, 97
Trd, 000172.937, 96
Trd, 000174.462, 96
Trd, 000174.525, 95
Trd, 000176.262, 97
Trd, 000182.512, 96
Trd, 000182.575, 97
Trd, 000182.837, 96
Trd, 000183.450, 103.0
Trd, 000184.562, 96
Trd, 000187.550, 98
Trd, 000187.925, 98
Trd, 000189.025, 99
Trd, 000189.662, 96
Trd, 000189.925, 96
Trd, 000193.800, 101
Trd, 000195.862, 96
Trd, 000197.350, 105.0
Trd, 000201.037, 100
Trd, 000201.550, 99
Trd, 000202.412, 97
Trd, 000204.712, 98.0
Trd, 000207.862, 98
Trd, 000208.975, 98
Trd, 000210.125, 98
Trd, 000211.587, 98
Trd, 000212.937, 100.0
Trd, 000214.662, 100.0
Trd, 000215.125, 103.0
Trd, 000217.075, 108.0
Trd, 000217.687, 97
Trd, 000218.787, 96
Trd, 000220.587, 103
Trd, 000221.187, 107.0
Trd, 000223.675, 103.0
Trd, 000227.500, 99
Trd, 000230.400, 98
Trd, 000231.600, 97
Trd, 000231.900, 99
Trd, 000233.250, 100
Trd, 000235.275, 99
Trd, 000237.162, 100
Trd, 000237.350, 99
Trd, 000238.462, 100
Trd, 000240.887, 99
Trd, 000241.087, 97
Trd, 000245.825, 93
Trd, 000246.112, 91.0
Trd, 000248.212, 92
Trd, 000248.500, 91
Trd, 000249.587, 91
Trd, 000250.312, 91
Trd, 000251.587, 91
Trd, 000252.600, 98
Trd, 000253.537, 93
Trd, 000254.175, 99
Trd, 000258.575, 101
Trd, 000258.687, 96
Trd, 000260.087, 97
Trd, 000261.812, 96
Trd, 000264.187, 95
Trd, 000265.625, 96
Trd, 000265.662, 97
Trd, 000266.837, 101
Trd, 000269.600, 94
Trd, 000271.650, 95
Trd, 000271.662, 88
Trd, 000274.525, 96
Trd, 000276.775, 100
Trd, 000280.237, 102.0
Trd, 000282.387, 100
Trd, 000285.862, 95
Trd, 000286.700, 86
Trd, 000287.912, 97
Trd, 000289.187, 95
Trd, 000289.437, 92
Trd, 000291.637, 86
Trd, 000292.600, 92
Trd, 000294.150, 101.0
Trd, 000295.012, 92
Trd, 000296.475, 92
Trd, 000297.225, 92
Trd, 000297.462, 91
Trd, 000299.037, 94
Trd, 000302.275, 94
Trd, 000304.437, 95
Trd, 000306.000, 102
Trd, 000313.112, 98.0
Trd, 000315.112, 98
Trd, 000318.225, 94
Trd, 000319.175, 93
Trd, 000320.412, 94
Trd, 000322.162, 92
Trd, 000323.587, 93
Trd, 000323.825, 94
Trd, 000324.712, 92
Trd, 000325.200, 94
Trd, 000327.325, 93
Trd, 000327.537, 92
Trd, 000328.450, 92.0
Trd, 000328.837, 91.0
Trd, 000328.862, 91
Trd, 000329.175, 93
Trd, 000331.275, 96.0
Trd, 000335.962, 90
Trd, 000338.237, 91
Trd, 000338.387, 91
Trd, 000338.537, 92
Trd, 000340.400, 89.0
Trd, 000341.975, 93.0
Trd, 000344.087, 91
Trd, 000344.462, 96.0
Trd, 000346.300, 88.0
Trd, 000346.500, 85.0
Trd, 000348.562, 90
Trd, 000348.850, 88
Trd, 000349.637, 91
Trd, 000351.362, 92
Trd, 000351.512, 101
Trd, 000354.037, 91.0
Trd, 000357.600, 99
Trd, 000359.012, 103.0
Trd, 000360.575, 103
Trd, 000361.275, 103
Trd, 000361.325, 104.0
Trd, 000361.525, 102
Trd, 000361.950, 104.0
Trd, 000362.200, 108.0
Trd, 000369.587, 112
Trd, 000369.912, 102
Trd, 000374.300, 103
Trd, 000375.537, 101
Trd, 000378.762, 103
Trd, 000381.250, 108
Trd, 000381.750, 108
Trd, 000381.787, 103
Trd, 000383.462, 116
Trd, 000384.862, 107
Trd, 000384.987, 106
Trd, 000388.225, 110
Trd, 000388.575, 110
Trd, 000390.150, 108
Trd, 000390.612, 107
Trd, 000391.350, 107
Trd, 000391.637, 108.0
Trd, 000392.900, 100
Trd, 000394.075, 100
Trd, 000395.575, 100
Trd, 000396.087, 102
Trd, 000397.825, 117.0
Trd, 000399.662, 116.0
Trd, 000400.225, 91.0
Trd, 000401.012, 98
Trd, 000403.062, 107
Trd, 000404.987, 103
Trd, 000406.950, 108.0
Trd, 000408.175, 102
Trd, 000412.500, 94
Trd, 000413.237, 94
Trd, 000413.362, 95
Trd, 000415.600, 93
Trd, 000417.400, 93
Trd, 000417.500, 93
Trd, 000417.800, 98
Trd, 000418.650, 100
Trd, 000421.237, 97.0
Trd, 000423.000, 97.0
Trd, 000427.412, 96
Trd, 000427.625, 98
Trd, 000429.750, 101
Trd, 000429.787, 103.0
Trd, 000433.062, 95
Trd, 000434.575, 100
Trd, 000436.025, 108.0
Trd, 000437.775, 106
Trd, 000438.462, 105
Trd, 000438.625, 116
Trd, 000439.812, 100
Trd, 000440.725, 106
Trd, 000441.162, 91.0
Trd, 000441.687, 85.0
Trd, 000442.062, 84
Trd, 000443.812, 89
Trd, 000444.900, 91
Trd, 000445.875, 93
Trd, 000446.962, 96.0
Trd, 000447.137, 103.0
Trd, 000450.200, 97
Trd, 000451.375, 96
Trd, 000452.825, 95
Trd, 000453.987, 94
Trd, 000454.775, 93
Trd, 000456.087, 93
Trd, 000456.237, 96.0
Trd, 000457.575, 96
Trd, 000458.387, 95
Trd, 000458.912, 85.0
Trd, 000463.000, 95
Trd, 000464.725, 96
Trd, 000467.012, 97
Trd, 000469.537, 92
Trd, 000471.487, 98
Trd, 000472.412, 99
Trd, 000473.612, 99
Trd, 000476.012, 96
Trd, 000476.812, 94
Trd, 000478.350, 97
Trd, 000481.237, 97
Trd, 000481.325, 101
Trd, 000481.950, 95
Trd, 000482.312, 91.0
Trd, 000482.375, 103.0
Trd, 000489.637, 95
Trd, 000489.962, 93
Trd, 000491.375, 86.0
Trd, 000492.387, 92
Trd, 000492.500, 86
Trd, 000493.950, 90
Trd, 000494.962, 87
Trd, 000495.675, 89
Trd, 000498.025, 91
Trd, 000498.862, 93
Trd, 000499.350, 98
Trd, 000500.837, 100
Trd, 000502.087, 93
Trd, 000503.787, 95
Trd, 000505.337, 96.0
Trd, 000508.312, 101
Trd, 000508.775, 103.0
Trd, 000509.400, 95
Trd, 000511.975, 93
Trd, 000512.737, 94
Trd, 000516.137, 92
Trd, 000516.312, 91.0
Trd, 000519.237, 92
Trd, 000520.937, 92
Trd, 000522.637, 98
Trd, 000525.387, 108.0
Trd, 000526.100, 116
Trd, 000527.150, 111
Trd, 000527.912, 117.0
Trd, 000529.262, 117.0
Trd, 000529.312, 111
Trd, 000529.475, 111.0
Trd, 000530.150, 110
Trd, 000530.425, 110
Trd, 000531.987, 109
Trd, 000533.637, 108
Trd, 000536.500, 110
Trd, 000537.637, 107
Trd, 000541.750, 105
Trd, 000546.012, 107
Trd, 000546.037, 105
Trd, 000547.612, 103
Trd, 000548.237, 89
Trd, 000548.662, 106
Trd, 000551.062, 101
Trd, 000552.325, 97
Trd, 000552.500, 100
Trd, 000554.475, 97
Trd, 000554.675, 100
Trd, 000555.350, 100
Trd, 000557.800, 98
Trd, 000559.012, 98
Trd, 000560.012, 85.0
Trd, 000563.550, 96
Trd, 000565.800, 95
Trd, 000565.950, 98
Trd, 000566.950, 91.0
Trd, 000570.312, 95
Trd, 000570.900, 94
Trd, 000573.837, 93
Trd, 000574.575, 101
Trd, 000576.600, 98
Trd, 000578.675, 99
Trd, 000584.125, 103.0
Trd, 000584.787, 105
Trd, 000585.262, 105
Trd, 000586.650, 106.0
Trd, 000587.000, 102
Trd, 000587.412, 106.0
Trd, 000592.412, 106.0
Trd, 000593.162, 105
Trd, 000593.337, 100
Trd, 000594.600, 91.0
Trd, 000597.075, 100
Trd, 000597.925, 100
Trd, 000598.062, 96
Trd, 000599.037, 84
Trd, 000599.237, 83.0
