Trd, 000006.350, 124.0
Trd, 000008.163, 126
Trd, 000008.825, 126
Trd, 000009.375, 125
Trd, 000009.812, 111
Trd, 000011.087, 115
Trd, 000012.325, 119
Trd, 000014.175, 116
Trd, 000015.050, 97.0
Trd, 000016.712, 101.0
Trd, 000017.187, 96.0
Trd, 000019.487, 89
Trd, 000022.725, 97
Trd, 000023.487, 98
Trd, 000026.275, 97
Trd, 000026.712, 101.0
Trd, 000027.575, 106.0
Trd, 000028.575, 100
Trd, 000031.750, 103.0
Trd, 000032.137, 103.0
Trd, 000035.375, 100.0
Trd, 000037.888, 103
Trd, 000038.125, 100
Trd, 000039.413, 98.0
Trd, 000041.313, 95
Trd, 000042.200, 97
Trd, 000043.000, 98
Trd, 000044.950, 108
Trd, 000046.750, 106.0
Trd, 000047.938, 106.0
Trd, 000048.338, 107
Trd, 000049.638, 107
Trd, 000050.350, 102
Trd, 000051.800, 88.0
Trd, 000052.275, 105
Trd, 000057.513, 103
Trd, 000057.588, 108
Trd, 000059.425, 103.0
Trd, 000059.938, 101.0
Trd, 000062.488, 100.0
Trd, 000063.713, 100
Trd, 000063.913, 98.0
Trd, 000065.138, 100.0
Trd, 000065.388, 99.0
Trd, 000067.138, 100
Trd, 000068.238, 98
Trd, 000068.863, 97
Trd, 000068.888, 99
Trd, 000070.625, 99
Trd, 000071.350, 101.0
Trd, 000072.738, 106.0
Trd, 000073.050, 108
Trd, 000073.338, 111
Trd, 000074.913, 107.0
Trd, 000076.500, 113
Trd, 000078.500, 110
Trd, 000080.325, 98.0
Trd, 000080.363, 96.0
Trd, 000082.088, 108
Trd, 000084.038, 88.0
Trd, 000088.200, 101
Trd, 000091.500, 99
Trd, 000092.263, 98
Trd, 000094.563, 106
Trd, 000094.650, 111
Trd, 000095.213, 97
Trd, 000098.525, 106.0
Trd, 000102.038, 104
Trd, 000102.113, 105.0
Trd, 000102.375, 103
Trd, 000102.625, 104.0
Trd, 000102.863, 103.0
Trd, 000103.675, 98.0
Trd, 000106.450, 92
Trd, 000106.750, 93.0
Trd, 000107.788, 94
Trd, 000110.438, 93
Trd, 000114.738, 93
Trd, 000115.088, 94
Trd, 000115.925, 94
Trd, 000117.413, 101.0
Trd, 000117.688, 96.0
Trd, 000118.438, 96
Trd, 000120.813, 97
Trd, 000121.688, 98
Trd, 000124.075, 103.0
Trd, 000126.475, 96
Trd, 000126.725, 95
Trd, 000128.038, 88.0
Trd, 000128.975, 85.0
Trd, 000129.675, 89
Trd, 000130.588, 88
Trd, 000131.588, 88
Trd, 000137.000, 96.0
Trd, 000138.300, 101.0
Trd, 000139.975, 102.0
Trd, 000140.775, 106.0
Trd, 000140.963, 103.0
Trd, 000141.938, 109
Trd, 000143.563, 103.0
Trd, 000143.700, 101.0
Trd, 000145.700, 91.0
Trd, 000147.513, 90.0
Trd, 000148.963, 93.0
Trd, 000149.950, 111
Trd, 000150.600, 124
Trd, 000151.850, 105
Trd, 000154.725, 110.0
Trd, 000155.437, 107.0
Trd, 000156.525, 107.0
Trd, 000156.550, 108
Trd, 000158.812, 123
Trd, 000161.250, 119.0
Trd, 000162.900, 120
Trd, 000163.287, 117
Trd, 000165.375, 116.0
Trd, 000167.412, 118
Trd, 000170.300, 117
Trd, 000170.987, 117
Trd, 000172.137, 114.0
Trd, 000173.725, 109
Trd, 000174.300, 107
Trd, 000176.075, 107
Trd, 000176.875, 106.0
Trd, 000176.900, 101.0
Trd, 000178.712, 107
Trd, 000180.900, 98.0
Trd, 000181.712, 96.0
Trd, 000181.925, 88.0
Trd, 000183.150, 93
Trd, 000183.262, 93.0
Trd, 000183.925, 102
Trd, 000184.387, 108
Trd, 000186.662, 111
Trd, 000187.000, 115.0
Trd, 000189.775, 113.0
Trd, 000190.675, 112
Trd, 000192.025, 112
Trd, 000192.850, 114
Trd, 000196.062, 114
Trd, 000196.825, 114
Trd, 000197.325, 113
Trd, 000199.650, 108
Trd, 000199.762, 112
Trd, 000200.175, 107
Trd, 000202.925, 106
Trd, 000207.662, 99
Trd, 000209.000, 98
Trd, 000210.587, 98.0
Trd, 000210.950, 99
Trd, 000213.050, 104
Trd, 000213.425, 102
Trd, 000216.887, 96.0
Trd, 000216.962, 103
Trd, 000217.812, 109
Trd, 000221.837, 109
Trd, 000221.937, 108
Trd, 000222.475, 106.0
Trd, 000223.437, 104
Trd, 000226.137, 93.0
Trd, 000226.375, 94
Trd, 000226.875, 97
Trd, 000227.162, 101.0
Trd, 000231.525, 101
Trd, 000232.375, 101
Trd, 000232.812, 99
Trd, 000233.987, 102.0
Trd, 000237.400, 99
Trd, 000238.925, 98.0
Trd, 000238.987, 96.0
Trd, 000240.212, 98
Trd, 000241.225, 88.0
Trd, 000242.300, 97
Trd, 000244.125, 97.0
Trd, 000249.012, 96
Trd, 000249.437, 97
Trd, 000250.375, 97
Trd, 000252.050, 101.0
Trd, 000252.800, 98.0
Trd, 000255.937, 99
Trd, 000256.300, 98
Trd, 000256.762, 98
Trd, 000256.800, 101
Trd, 000259.925, 97.0
Trd, 000261.075, 96.0
Trd, 000261.125, 100.0
Trd, 000261.137, 101.0
Trd, 000263.600, 101.0
Trd, 000264.887, 97
Trd, 000265.762, 100
Trd, 000266.975, 103.0
Trd, 000269.912, 106.0
Trd, 000271.125, 109
Trd, 000273.562, 110
Trd, 000273.900, 110
Trd, 000275.812, 107
Trd, 000277.500, 91.0
Trd, 000279.900, 88.0
Trd, 000280.412, 92
Trd, 000280.987, 91
Trd, 000282.100, 91
Trd, 000282.837, 91
Trd, 000283.287, 93.0
Trd, 000286.300, 101.0
Trd, 000286.462, 98.0
Trd, 000287.712, 96
Trd, 000288.412, 96
Trd, 000289.550, 95
Trd, 000290.612, 103.0
Trd, 000292.250, 111
Trd, 000295.587, 108
Trd, 000296.775, 111
Trd, 000298.912, 113
Trd, 000299.575, 111
Trd, 000300.762, 95
Trd, 000300.812, 96.0
Trd, 000301.787, 93.0
Trd, 000303.412, 99
Trd, 000303.787, 101
Trd, 000304.087, 99
Trd, 000306.237, 98
Trd, 000311.287, 90
Trd, 000313.312, 89
Trd, 000313.350, 88.0
Trd, 000315.387, 90
Trd, 000316.462, 88
Trd, 000317.450, 101.0
Trd, 000318.462, 103.0
Trd, 000318.487, 106.0
Trd, 000322.675, 102.0
Trd, 000323.575, 101.0
Trd, 000323.675, 102
Trd, 000324.725, 106.0
Trd, 000325.687, 108
Trd, 000326.100, 102
Trd, 000328.587, 104.0
Trd, 000331.150, 98.0
Trd, 000332.550, 104
Trd, 000336.450, 101.0
Trd, 000337.050, 101
Trd, 000337.850, 100
Trd, 000338.837, 100
Trd, 000341.400, 98.0
Trd, 000341.675, 99
Trd, 000345.625, 108
Trd, 000347.700, 105.0
Trd, 000347.987, 104.0
Trd, 000351.912, 96.0
Trd, 000351.950, 88.0
Trd, 000352.675, 85.0
Trd, 000352.887, 93.0
Trd, 000353.875, 99
Trd, 000356.125, 103.0
Trd, 000356.250, 106.0
Trd, 000356.625, 103.0
Trd, 000356.900, 107
Trd, 000357.100, 108
Trd, 000357.425, 111
Trd, 000358.912, 106.0
Trd, 000362.450, 107
Trd, 000365.500, 106
Trd, 000365.637, 101.0
Trd, 000366.687, 101.0
Trd, 000367.775, 105.0
Trd, 000368.437, 105
Trd, 000369.687, 98
Trd, 000372.412, 99
Trd, 000372.775, 100
Trd, 000374.125, 106.0
Trd, 000376.262, 111
Trd, 000380.350, 117.0
Trd, 000381.150, 118.0
Trd, 000383.050, 116
Trd, 000383.262, 115
Trd, 000385.350, 114.0
Trd, 000385.925, 116
Trd, 000386.312, 114
Trd, 000389.162, 109.0
Trd, 000390.037, 109.0
Trd, 000391.887, 113
Trd, 000392.287, 106.0
Trd, 000394.075, 98.0
Trd, 000396.650, 103.0
Trd, 000397.175, 104
Trd, 000398.025, 102
Trd, 000399.362, 105
Trd, 000400.075, 105
Trd, 000401.025, 102
Trd, 000401.337, 107
Trd, 000403.362, 108
Trd, 000403.487, 105
Trd, 000404.975, 106.0
Trd, 000407.162, 101.0
Trd, 000408.725, 100
Trd, 000409.400, 100
Trd, 000410.300, 98.0
Trd, 000410.350, 99
Trd, 000411.575, 96.0
Trd, 000412.675, 88.0
Trd, 000413.062, 111
Trd, 000413.375, 93.0
Trd, 000415.437, 114.0
Trd, 000416.950, 114.0
Trd, 000417.587, 113
Trd, 000422.500, 112.0
Trd, 000423.162, 112
Trd, 000423.225, 107
Trd, 000426.412, 119
Trd, 000427.062, 106.0
Trd, 000428.975, 95
Trd, 000431.325, 97
Trd, 000431.862, 93
Trd, 000433.287, 104
Trd, 000433.887, 93
Trd, 000435.712, 91.0
Trd, 000435.950, 92.0
Trd, 000436.125, 93.0
Trd, 000436.900, 101.0
Trd, 000439.875, 98
Trd, 000440.750, 97
Trd, 000441.962, 104
Trd, 000442.387, 111
Trd, 000442.812, 124
Trd, 000446.275, 106
Trd, 000448.425, 110
Trd, 000449.662, 105
Trd, 000451.700, 88.0
Trd, 000452.525, 96
Trd, 000453.550, 85.0
Trd, 000455.325, 88
Trd, 000456.000, 87
Trd, 000456.912, 90
Trd, 000457.025, 89
Trd, 000458.812, 103.0
Trd, 000459.625, 80.0
Trd, 000461.425, 105.0
Trd, 000467.925, 100.0
Trd, 000469.462, 100.0
Trd, 000470.700, 101.0
Trd, 000471.062, 100
Trd, 000471.587, 99
Trd, 000472.800, 106.0
Trd, 000475.462, 105
Trd, 000476.600, 101.0
Trd, 000478.487, 103
Trd, 000479.500, 104
Trd, 000480.075, 104
Trd, 000480.150, 108
Trd, 000483.225, 103
Trd, 000484.475, 98.0
Trd, 000484.575, 106
Trd, 000485.162, 106
Trd, 000486.337, 98.0
Trd, 000488.575, 101
Trd, 000490.750, 102
Trd, 000492.000, 99.0
Trd, 000492.100, 96.0
Trd, 000494.325, 101.0
Trd, 000495.037, 102.0
Trd, 000496.850, 101.0
Trd, 000497.537, 99
Trd, 000499.062, 101
Trd, 000499.637, 103.0
Trd, 000501.525, 102
Trd, 000502.625, 103
Trd, 000504.262, 88.0
Trd, 000504.450, 103
Trd, 000507.000, 100
Trd, 000507.200, 106.0
Trd, 000509.100, 111
Trd, 000511.812, 106
Trd, 000512.512, 106
Trd, 000516.612, 106
Trd, 000516.950, 108
Trd, 000518.037, 119.0
Trd, 000518.287, 106.0
Trd, 000520.375, 121
Trd, 000522.750, 96.0
Trd, 000524.275, 112
Trd, 000525.775, 101
Trd, 000526.612, 96.0
Trd, 000528.287, 101.0
Trd, 000528.350, 106.0
Trd, 000532.412, 104
Trd, 000534.037, 105
Trd, 000535.525, 106
Trd, 000535.837, 105
Trd, 000536.925, 106
Trd, 000537.375, 105
Trd, 000537.487, 107
Trd, 000537.787, 108
Trd, 000539.762, 107
Trd, 000539.775, 108
Trd, 000541.462, 106
Trd, 000542.837, 107
Trd, 000545.875, 105
Trd, 000547.250, 106
Trd, 000548.187, 106.0
Trd, 000548.325, 101.0
Trd, 000549.787, 98.0
Trd, 000554.237, 96
Trd, 000554.600, 96
Trd, 000555.050, 95
Trd, 000556.687, 96
Trd, 000559.850, 100
Trd, 000560.000, 104
Trd, 000560.550, 108
Trd, 000561.012, 100
Trd, 000561.700, 111
Trd, 000562.975, 99
Trd, 000567.325, 100
Trd, 000567.662, 96.0
Trd, 000567.675, 100
Trd, 000568.337, 88.0
Trd, 000569.850, 100
Trd, 000572.637, 91
Trd, 000573.137, 92
Trd, 000573.725, 101.0
Trd, 000576.100, 95
Trd, 000576.587, 99
Trd, 000582.400, 99
Trd, 000582.900, 97
Trd, 000583.837, 102
Trd, 000588.062, 100
Trd, 000589.537, 102.0
Trd, 000590.950, 106.0
Trd, 000590.987, 104.0
Trd, 000591.775, 111
Trd, 000592.125, 101
Trd, 000594.850, 110
Trd, 000596.475, 107
Trd, 000596.712, 108
Trd, 000597.287, 106
Trd, 000597.675, 101.0
